<?xml version="1.0" encoding="UTF-8"?>
<record xmlns="http://www.loc.gov/MARC21/slim">
   <leader>00973cam a2200253   4500</leader>
   <controlfield tag="001">3084528</controlfield>
   <controlfield tag="008">960716s1995                      0      </controlfield>
   <datafield tag="035" ind1=" " ind2=" ">
      <subfield code="a">ocn390519975</subfield>
   </datafield>
   <datafield tag="040" ind1=" " ind2=" ">
      <subfield code="b">eng</subfield>
      <subfield code="d">AVC</subfield>
   </datafield>
   <datafield tag="050" ind1=" " ind2=" ">
      <subfield code="a">LB 2342.2.C2</subfield>
      <subfield code="b">A43 1995</subfield>
   </datafield>
   <datafield tag="090" ind1=" " ind2=" ">
      <subfield code="a">LB 2342.2.C2 A43 1995</subfield>
      <subfield code="b">AVC</subfield>
   </datafield>
   <datafield tag="110" ind1="1" ind2=" ">
      <subfield code="a">Alberta.</subfield>
      <subfield code="b">Alberta Advanced Education and Career Development.</subfield>
   </datafield>
   <datafield tag="240" ind1="0" ind2="0">
      <subfield code="a">A proposal for performance-based funding promoting excellence in Alberta's public adult learning system.</subfield>
   </datafield>
   <datafield tag="245" ind1="1" ind2="2">
      <subfield code="a">A proposal for performance-based funding promoting excellence in Alberta's public adult learning system 1995</subfield>
   </datafield>
   <datafield tag="246" ind1="3" ind2="0">
      <subfield code="a">Performance-based funding</subfield>
   </datafield>
   <datafield tag="260" ind1=" " ind2=" ">
      <subfield code="a">Edmonton :</subfield>
      <subfield code="b">System Finance and Information, Advanced Education and Career Development,</subfield>
      <subfield code="c">1995.</subfield>
   </datafield>
   <datafield tag="300" ind1=" " ind2=" ">
      <subfield code="a">44 p. :</subfield>
      <subfield code="b">ill. ;</subfield>
      <subfield code="c">29 cm.</subfield>
   </datafield>
   <datafield tag="336" ind1=" " ind2=" ">
      <subfield code="a">text</subfield>
      <subfield code="b">txt</subfield>
      <subfield code="2">rdacontent</subfield>
   </datafield>
   <datafield tag="337" ind1=" " ind2=" ">
      <subfield code="a">unmediated</subfield>
      <subfield code="b">n</subfield>
      <subfield code="2">rdamedia</subfield>
   </datafield>
   <datafield tag="338" ind1=" " ind2=" ">
      <subfield code="a">volume</subfield>
      <subfield code="b">nc</subfield>
      <subfield code="2">rdacarrier</subfield>
   </datafield>
   <datafield tag="500" ind1=" " ind2=" ">
      <subfield code="a">Cover title.</subfield>
   </datafield>
   <datafield tag="596" ind1=" " ind2=" ">
      <subfield code="a">53</subfield>
   </datafield>
   <datafield tag="650" ind1=" " ind2="0">
      <subfield code="a">Universities and colleges</subfield>
      <subfield code="z">Alberta</subfield>
      <subfield code="x">Finance.</subfield>
   </datafield>
   <datafield tag="650" ind1=" " ind2="0">
      <subfield code="a">Higher education and state</subfield>
      <subfield code="z">Alberta.</subfield>
   </datafield>
   <datafield tag="926" ind1=" " ind2=" ">
      <subfield code="a">LAKELND_VR</subfield>
      <subfield code="b">ON_SHELF</subfield>
      <subfield code="c">LB 2342.2.C2 A43 1995</subfield>
      <subfield code="d">BOOK</subfield>
      <subfield code="f">1</subfield>
   </datafield>
</record>
